@inproceedings{SLIDES_ARF,
  author    = "Antonio Ramirez Fernandes",
  title     = "L-Systems",
  booktitle = "Computação Gráfica LEI/LCC",
  publisher = "Departamento de Informática, Universidade do Minho",
  address   = "Departamento de Informática, Universidade do Minho",
  year      = 2010,
}

@misc{WWW_SKETCH,
  title   = "A sketch book on L-Systems",
  author  = "Roberto S. Ferrero",
  note    = {\url{http://coco.ccu.uniovi.es/malva/sketchbook/}},
  year    = 1999,
}

@misc{WWW_CSEE,
  title   = "Animation of L-system based 3-D Plant Growing",
  author  = "Tong Lin",
  note    = {\url{http://www.csee.umbc.edu/~ebert/693/TLin/}},
  year    = 1996,
}

@misc{FRACTALS,
  title   = "Generating Fractals",
  author  = "Bill Casselman",
  note    = {\url{http://www.math.ubc.ca/~cass/courses/m308-03b/projects-03b/skinner/ex-generating.htm}},
  year    = 2002,
}

@article{prusinkiewicz1991algorithmic,
  title={The algorithmic beauty of plants (The Virtual Laboratory)},
  author={Prusinkiewicz, P. and Lindenmayer, A.},
  year={1991},
  publisher={Springer}
}

@book{hanan1992parametric,
  title={Parametric L-systems and their application to the modelling and visualization of plants},
  author={Hanan, J.S. and Adviser-Prusinkiewicz, P.},
  year={1992},
  publisher={The University of Regina (Canada)}
}

@inproceedings{mech1996visual,
  title={Visual models of plants interacting with their environment},
  author={M{\v{e}}ch, R. and Prusinkiewicz, P.},
  booktitle={Proceedings of the 23rd annual conference on Computer graphics and interactive techniques},
  pages={397--410},
  year={1996},
  organization={ACM}
}

@inproceedings{baele2005real,
  title={Real time L-system generated trees based on modern graphics hardware},
  author={Baele, X. and Warzee, N.},
  booktitle={Shape Modeling and Applications, 2005 International Conference},
  pages={184--193},
  year={2005},
  organization={IEEE}
}

@article{allen2005using,
  title={Using L-systems for modeling source--sink interactions, architecture and physiology of growing trees: the L-PEACH model},
  author={Allen, MT and Prusinkiewicz, P. and DeJong, TM},
  journal={New Phytologist},
  volume={166},
  number={3},
  pages={869--880},
  year={2005},
  publisher={Wiley Online Library}
}

@inproceedings{parish2001procedural,
  title={Procedural modeling of cities},
  author={Parish, Y.I.H. and M{\"u}ller, P.},
  booktitle={Proceedings of the 28th annual conference on Computer graphics and interactive techniques},
  pages={301--308},
  year={2001},
  organization={ACM}
}

@article{karwowski2003design,
  title={Design and implementation of the L+ C modeling language},
  author={Karwowski, R. and Prusinkiewicz, P.},
  journal={Electronic Notes in Theoretical Computer Science},
  volume={86},
  number={2},
  pages={134--152},
  year={2003},
  publisher={Elsevier}
}

@misc{LSTUDIO,
  title   = "L-Studio User's Guide",
  author  = "Radoslaw Karwowski and Brendan Lane",
  note    = {\url{http://algorithmicbotany.org/lstudio/}},
  year    = 2004,
}